@Book{xie2015,
  title = {Dynamic Documents with {R} and knitr},
  author = {Yihui Xie},
  publisher = {Chapman and Hall/CRC},
  address = {Boca Raton, Florida},
  year = {2015},
  edition = {2nd},
  note = {ISBN 978-1498716963},
  url = {http://yihui.org/knitr/},
}
@misc{Castro2021Jun,
	author = {Castro, David},
	title = {{Modelo de Gesti{\ifmmode\acute{o}\else\'{o}\fi}n}},
	year = {2021},
	month = {Jun},
	note = {[Online; accessed 30. Jun. 2021]},
	url = {http://siga.unal.edu.co/index.php/siga/modelo-de-gestion}
}
@article{plasencia2017procedimiento,
  title={Procedimiento para la priorizaci{\'o}n de Factores Cr{\'\i}ticos de {\'E}xito},
  author={Plasencia-Soler, Juan Antonio y Marrero-Delgado y Fernando y Nicado-Garc{\'\i}a y Miriam y Aguilera-S{\'a}nchez Yasmany},
  journal={Dyna},
  volume={84},
  number={202},
  year={2017}
}

@book{bonnefoy2005indicadores,
  title={Indicadores de desempe{\~n}o en el sector p{\'u}blico},
  author={Bonnefoy, Juan Crist{\'o}bal y Armijo, Marianela},
  year={2005},
  publisher={ILPES}
}
@misc{coneval2013manual,
  title={Manual para el dise{\~n}o y la construcci{\'o}n de indicadores. Instrumentos principales para el monitoreo de programas sociales de M{\'e}xico},
  author={Coneval, CN},
  year={2013},
  publisher={Coneval Ciudad de M{\'e}xico, M{\'e}xico}
}
@misc{sanchez2018guia,
  title={Gu{\'\i}a para la construcci{\'o}n y an{\'a}lisis de indicadores y},
  author={Sanchez O. y Salazar A. y Lopez, J},
  journal={Departamento Nacional de Planeaci{\'o}n, Bogota},
  year={2018}
}
@misc{dane2014guia,
  title={Gu{\'\i}a para Dise{\~n}o, Construcci{\'o}n e Interpretaci{\'o}n de Indicadores},
  author={DANE, DA},
  year={2014},
  publisher={Bgot{\'a}}
}
@article{publica2015guia,
  title={Gu{\'\i}a para la construcci{\'o}n y an{\'a}lisis de indicadores de gesti{\'o}n},
  author={P{\'u}blica, Funci{\'o}n},
  journal={Departamento Administrativo, Bogota. Recuperado el},
  volume={27},
  year={2015}
}
@misc{bolborici2012aplicacion,
  title={La aplicaci{\'o}n del Cuadro de mando en las entidades p{\'u}blicas: Un estudio de caso},
  author={Bolborici, Monica Mihaela},
  journal={Zaragoza: Universidad de Zaragoza},
  year={2012}
}
@article{ri2014tecnologia,
  title={Tecnolog{\'\i}a de la informaci{\'o}n—T{\'e}cnicas de seguridad—Sistemas de gesti{\'o}n de la seguridad de la informaci{\'o}n—Requisitos},
  author={Ri, I de NT de C},
  year={2014}
}
@article{de2015decreto,
  title={Decreto {\'U}nico Reglamentario 1072 del 26 de mayo de 2015. Sector Trabajo},
  author={de Bogot{\'a}, C{\'a}mara de Comercio y otros},
  year={2015}
}
@misc{cubana2004sistemas,
  title={Sistemas de Gesti{\'o}n Ambiental-Requisitos con Orientaci{\'o}n para su Uso},
  author={Cubana, Norma},
  year={2004},
  publisher={ISO}
}
